@ONLINE{Heath2011,
author = {Heath, Micheal},
title = {Parallel Numerical Algorithms Notes},
year = {2011},
url = {http://cse.illinois.edu/courses/cs554/notes/}
}

